<?xml version="1.0" encoding="UTF-8"?><record xmlns="http://www.loc.gov/MARC21/slim" xmlns:cinclude="http://apache.org/cocoon/include/1.0" xmlns:zs="http://www.loc.gov/zing/srw/">
  <leader>00432cz  a2200133n  4500</leader>
  <controlfield tag="001">no 97071035 </controlfield>
  <controlfield tag="003">DLC</controlfield>
  <controlfield tag="005">20150122140456.0</controlfield>
  <controlfield tag="008">971210n| azannaabn          |n aaa     c</controlfield>
  <datafield tag="010" ind1=" " ind2=" ">
    <subfield code="a">no 97071035 </subfield>
  </datafield>
  <datafield tag="035" ind1=" " ind2=" ">
    <subfield code="a">(OCoLC)oca04550147</subfield>
  </datafield>
  <datafield tag="040" ind1=" " ind2=" ">
    <subfield code="a">RPB-M</subfield>
    <subfield code="b">eng</subfield>
    <subfield code="e">rda</subfield>
    <subfield code="c">RPB-M</subfield>
    <subfield code="d">PPi-MA</subfield>
    <subfield code="d">DLC</subfield>
  </datafield>
  <datafield tag="100" ind1="1" ind2=" ">
    <subfield code="a">Kramer, Jonathan D.,</subfield>
    <subfield code="d">1942-2004.</subfield>
    <subfield code="t">Music,</subfield>
    <subfield code="m">piano,</subfield>
    <subfield code="n">no. 3</subfield>
  </datafield>
  <datafield tag="670" ind1=" " ind2=" ">
    <subfield code="a">Kramer, J.D. Five compositions [SR] p1990:</subfield>
    <subfield code="b">container (Music for piano, no. 3)</subfield>
  </datafield>
</record>